<record><leader>00000cas a22000007a 4500</leader><controlfield tag="001">36021495</controlfield><controlfield tag="008">961202d19641965azuwr ne      0    0eng d</controlfield><datafield ind1=" " ind2=" " tag="010"><subfield code="a">sn 96060602 </subfield></datafield><datafield ind1=" " ind2=" " tag="040"><subfield code="a">ANN</subfield><subfield code="b">eng</subfield><subfield code="c">ANN</subfield><subfield code="d">OCLCQ</subfield><subfield code="d">OCLCF</subfield><subfield code="d">OCLCO</subfield></datafield><datafield ind1="1" ind2=" " tag="029"><subfield code="a">AU@</subfield><subfield code="b">000023361987</subfield></datafield><datafield ind1=" " ind2=" " tag="042"><subfield code="a">msc</subfield></datafield><datafield ind1=" " ind2=" " tag="043"><subfield code="a">n-us-az</subfield></datafield><datafield ind1="0" ind2=" " tag="130"><subfield code="a">American weekly (Phoenix, Ariz. : Maryvale Glendale ed.)</subfield></datafield><datafield ind1="1" ind2="0" tag="245"><subfield code="a">American weekly.</subfield></datafield><datafield ind1=" " ind2=" " tag="250"><subfield code="a">Maryvale Glendale ed.</subfield></datafield><datafield ind1=" " ind2=" " tag="260"><subfield code="a">Phoenix, Ariz. :</subfield><subfield code="b">American Print. Co.,</subfield><subfield code="c">-1965.</subfield></datafield><datafield ind1=" " ind2=" " tag="300"><subfield code="a">v.</subfield></datafield><datafield ind1=" " ind2=" " tag="310"><subfield code="a">Weekly</subfield></datafield><datafield ind1="1" ind2=" " tag="362"><subfield code="a">Began Jan. 1964.</subfield></datafield><datafield ind1="0" ind2=" " tag="362"><subfield code="a">-v. 2, no. 26 (July 1, 1965).</subfield></datafield><datafield ind1=" " ind2=" " tag="580"><subfield code="a">Eight eds. published: Downtown Phoenix, East Phoenix, Home news, Maryvale Glendale, Tempe-Mesa, Scottsdale, Valley dispatch, West Phoenix.</subfield></datafield><datafield ind1=" " ind2=" " tag="588"><subfield code="a">Description based on: Vol. 2, no. 3 (Jan 21, 1965).</subfield></datafield><datafield ind1=" " ind2="0" tag="651"><subfield code="a">Phoenix (Ariz.)</subfield><subfield code="v">Newspapers.</subfield></datafield><datafield ind1=" " ind2="0" tag="651"><subfield code="a">Glendale (Ariz.)</subfield><subfield code="v">Newspapers.</subfield></datafield><datafield ind1=" " ind2="4" tag="651"><subfield code="a">Maryvale (Ariz.)</subfield><subfield code="v">Newspapers.</subfield></datafield><datafield ind1=" " ind2="7" tag="655"><subfield code="a">Newspapers.</subfield><subfield code="2">fast</subfield><subfield code="0">(OCoLC)fst01423814</subfield></datafield><datafield ind1=" " ind2="7" tag="651"><subfield code="a">Arizona</subfield><subfield code="z">Glendale.</subfield><subfield code="2">fast</subfield><subfield code="0">(OCoLC)fst01207568</subfield></datafield><datafield ind1=" " ind2="7" tag="651"><subfield code="a">Arizona</subfield><subfield code="z">Phoenix.</subfield><subfield code="2">fast</subfield><subfield code="0">(OCoLC)fst01213753</subfield></datafield><datafield ind1=" " ind2=" " tag="752"><subfield code="a">United States</subfield><subfield code="b">Arizona</subfield><subfield code="c">Maricopa</subfield><subfield code="d">Phoenix.</subfield></datafield><datafield ind1="1" ind2=" " tag="775"><subfield code="t">American weekly (Phoenix, Ariz. : Downtown Phoenix ed.)</subfield><subfield code="w">(DLC)sn 96060600</subfield></datafield><datafield ind1="1" ind2=" " tag="775"><subfield code="t">American weekly (Phoenix, Ariz. : East Phoenix ed.)</subfield><subfield code="w">(DLC)sn 96060601</subfield></datafield><datafield ind1="1" ind2=" " tag="775"><subfield code="t">American weekly (Phoenix, Ariz. : Home news ed.)</subfield><subfield code="w">(DLC)sn 96060603</subfield></datafield><datafield ind1="1" ind2=" " tag="775"><subfield code="t">American weekly (Phoenix, Ariz. : Tempe-Mesa ed.)</subfield><subfield code="w">(DLC)sn 96060606</subfield></datafield><datafield ind1="1" ind2=" " tag="775"><subfield code="t">American weekly (Phoenix, Ariz. : Scottsdale ed.)</subfield><subfield code="w">(DLC)sn 96060605</subfield></datafield><datafield ind1="1" ind2=" " tag="775"><subfield code="t">American weekly (Phoenix, Ariz. : Valley dispatch ed.)</subfield><subfield code="w">(DLC)sn 96060599</subfield></datafield><datafield ind1="1" ind2=" " tag="775"><subfield code="t">American weekly (Phoenix, Ariz. : West Phoenix ed.)</subfield><subfield code="w">(DLC)sn 96060604</subfield></datafield><datafield ind1="0" ind2="1" tag="780"><subfield code="t">Evening American</subfield><subfield code="w">(DLC)sn 96060877</subfield></datafield><datafield ind1="0" ind2="1" tag="780"><subfield code="t">American 5 city weekly</subfield><subfield code="w">(DLC)sn2002060031</subfield></datafield><datafield ind1="0" ind2="0" tag="785"><subfield code="t">Phoenix American (Phoenix, Ariz. : Maryvale Glendale zone)</subfield><subfield code="w">(DLC)sn 96060610</subfield></datafield></record>